@misc{Dellis2010,
	author = {Dellis, Jean-Luc},
	url = {http://www.mathworks.com/matlabcentral/fileexchange/19460-zfit},
	title = {{Zfit: function which can PLOT, SIMULATE and FIT impedance data}},
	year = {2010},
	journal = {MathWorks Central}
}

@misc{DErrico2012,
	author = {D'Errico, John},
	url = {https://www.mathworks.com/matlabcentral/fileexchange/8277-fminsearchbnd--fminsearchcon},
	title = {{Bound constrained optimization using fminsearch}},
	year = {2012},
	journal = {MathWorks Central}
}

